<record><leader>00000cas a22000007a 4500</leader><controlfield tag="001">20719053</controlfield><controlfield tag="008">891201d18931913mouwr ne      0    0eng d</controlfield><datafield ind1=" " ind2=" " tag="010"><subfield code="a">sn 89067496 </subfield></datafield><datafield ind1=" " ind2=" " tag="040"><subfield code="a">MQN</subfield><subfield code="b">eng</subfield><subfield code="c">MQN</subfield><subfield code="d">OCLCQ</subfield></datafield><datafield ind1=" " ind2=" " tag="042"><subfield code="a">msc</subfield></datafield><datafield ind1="0" ind2="4" tag="245"><subfield code="a">The Knox City bee.</subfield></datafield><datafield ind1="3" ind2="0" tag="246"><subfield code="a">Bee</subfield></datafield><datafield ind1=" " ind2=" " tag="260"><subfield code="a">Knox City, Mo. :</subfield><subfield code="b">Frank Yeager</subfield></datafield><datafield ind1=" " ind2=" " tag="300"><subfield code="a">v.</subfield></datafield><datafield ind1=" " ind2=" " tag="310"><subfield code="a">Weekly</subfield></datafield><datafield ind1="1" ind2=" " tag="362"><subfield code="a">Began in 1893? Ceased in 1913?</subfield></datafield><datafield ind1=" " ind2=" " tag="588"><subfield code="a">Description based on: Vol. 11, no. 16 (Jan. 7, 1904).</subfield></datafield><datafield ind1=" " ind2=" " tag="752"><subfield code="a">United States</subfield><subfield code="b">Missouri</subfield><subfield code="c">Knox</subfield><subfield code="d">Knox City.</subfield></datafield></record>